<record><leader>00000cas a2200000 a 4500</leader><controlfield tag="001">8793533</controlfield><controlfield tag="008">820921d18681873azuwr ne      0   a0eng  </controlfield><datafield ind1=" " ind2=" " tag="010"><subfield code="a">sn 82014899 </subfield></datafield><datafield ind1=" " ind2=" " tag="040"><subfield code="a">DLC</subfield><subfield code="b">eng</subfield><subfield code="c">DLC</subfield><subfield code="d">NPX</subfield><subfield code="d">NPU</subfield><subfield code="d">NPX</subfield><subfield code="d">OCL</subfield><subfield code="d">DLC</subfield><subfield code="d">YOX</subfield><subfield code="d">ANU</subfield><subfield code="d">CNK</subfield><subfield code="d">ANN</subfield><subfield code="d">CVF</subfield><subfield code="d">ANN</subfield><subfield code="d">DLC</subfield><subfield code="d">ANN</subfield><subfield code="d">DLC</subfield><subfield code="d">CUI</subfield><subfield code="d">DLC</subfield><subfield code="d">OCLCQ</subfield><subfield code="d">OCLCF</subfield><subfield code="d">CUS</subfield></datafield><datafield ind1=" " ind2=" " tag="012"><subfield code="l">a</subfield></datafield><datafield ind1=" " ind2=" " tag="019"><subfield code="a">5968626</subfield></datafield><datafield ind1="0" ind2=" " tag="022"><subfield code="a">2165-9060</subfield><subfield code="2">1</subfield></datafield><datafield ind1=" " ind2=" " tag="042"><subfield code="a">pcc</subfield><subfield code="a">nsdp</subfield></datafield><datafield ind1=" " ind2=" " tag="043"><subfield code="a">n-us-az</subfield></datafield><datafield ind1="0" ind2="0" tag="050"><subfield code="a">Newspaper</subfield></datafield><datafield ind1="1" ind2="4" tag="050"><subfield code="a">AN</subfield></datafield><datafield ind1="0" ind2=" " tag="130"><subfield code="a">Weekly Arizona miner (Prescott, Ariz. : 1868)</subfield></datafield><datafield ind1=" " ind2="4" tag="222"><subfield code="a">The weekly Arizona miner (Prescott, Ariz. 1868)</subfield></datafield><datafield ind1="1" ind2="4" tag="245"><subfield code="a">The weekly Arizona miner.</subfield></datafield><datafield ind1="3" ind2="0" tag="246"><subfield code="a">Arizona weekly miner</subfield><subfield code="f">&lt;1868&gt;</subfield></datafield><datafield ind1="3" ind2="0" tag="246"><subfield code="a">Arizona miner</subfield></datafield><datafield ind1="3" ind2="0" tag="246"><subfield code="a">Weekly miner</subfield></datafield><datafield ind1="3" ind2="0" tag="246"><subfield code="a">Miner</subfield></datafield><datafield ind1=" " ind2=" " tag="260"><subfield code="a">Prescott, Ariz. :</subfield><subfield code="b">J.H. Marion, B.H. Weaver,</subfield><subfield code="c">1868-1873.</subfield></datafield><datafield ind1=" " ind2=" " tag="300"><subfield code="a">v.</subfield></datafield><datafield ind1=" " ind2=" " tag="310"><subfield code="a">Weekly</subfield></datafield><datafield ind1="0" ind2=" " tag="362"><subfield code="a">Vol. 5, no. 31 (Aug. 1, 1868)-v. 10, no. 52 (Dec. 26, 1873).</subfield></datafield><datafield ind1=" " ind2=" " tag="515"><subfield code="a">Some numbers issued out of chronological order.</subfield></datafield><datafield ind1=" " ind2=" " tag="525"><subfield code="a">Supplements accompany some issues.</subfield></datafield><datafield ind1=" " ind2=" " tag="530"><subfield code="a">Available on microfilm from the Library of Congress, Photoduplication Service and Arizona State Library and Archives.</subfield></datafield><datafield ind1=" " ind2=" " tag="530"><subfield code="a">Archived issues are available in digital format as part of the Library of Congress Chronicling America online collection.</subfield></datafield><datafield ind1=" " ind2="0" tag="651"><subfield code="a">Prescott (Ariz.)</subfield><subfield code="v">Newspapers.</subfield></datafield><datafield ind1=" " ind2="0" tag="651"><subfield code="a">Yavapai County (Ariz.)</subfield><subfield code="v">Newspapers.</subfield></datafield><datafield ind1=" " ind2="7" tag="651"><subfield code="a">Arizona</subfield><subfield code="z">Prescott.</subfield><subfield code="2">fast</subfield><subfield code="0">(OCoLC)fst01210000</subfield></datafield><datafield ind1=" " ind2="7" tag="651"><subfield code="a">Arizona</subfield><subfield code="z">Yavapai County.</subfield><subfield code="2">fast</subfield><subfield code="0">(OCoLC)fst01217120</subfield></datafield><datafield ind1=" " ind2="7" tag="655"><subfield code="a">Newspapers.</subfield><subfield code="2">fast</subfield><subfield code="0">(OCoLC)fst01423814</subfield></datafield><datafield ind1=" " ind2=" " tag="752"><subfield code="a">United States</subfield><subfield code="b">Arizona</subfield><subfield code="c">Yavapai</subfield><subfield code="d">Prescott.</subfield></datafield><datafield ind1="0" ind2=" " tag="775"><subfield code="t">Daily Arizona miner (Prescott, Ariz. : 1873)</subfield><subfield code="w">(DLC)sn 84031744</subfield><subfield code="w">(OCoLC)11386766</subfield></datafield><datafield ind1="0" ind2="0" tag="780"><subfield code="t">Arizona miner (Fort Whipple, Ariz.)</subfield><subfield code="x">2165-9206</subfield><subfield code="w">(DLC)sn 82016242</subfield><subfield code="w">(OCoLC)9251680</subfield></datafield><datafield ind1="0" ind2="0" tag="785"><subfield code="t">Arizona weekly miner</subfield><subfield code="x">2165-9052</subfield><subfield code="w">(DLC)sn 82014898</subfield><subfield code="w">(OCoLC)8793499</subfield></datafield><datafield ind1="4" ind2="1" tag="856"><subfield code="3">08/01/1868 to 12/26/1873</subfield><subfield code="u">http://infoweb.newsbank.com/?db=EANX&amp;s_browseRef=decades/125D26F0898FD7B0/all.xml</subfield></datafield><datafield ind1="4" ind2="1" tag="856"><subfield code="3">08/01/1868 to 12/26/1873</subfield><subfield code="u">http://www.loc.gov/chroniclingamerica/lccn/sn82014899/issues</subfield></datafield><datafield ind1="1" ind2=" " tag="029"><subfield code="a">AU@</subfield><subfield code="b">000021134157</subfield></datafield></record>